@techreport{DelacroixBottom-upGovernance,
    title = {{Bottom-up data Trusts: disturbing the 'one size fits all' approach to data governance}},
    author = {Delacroix, Sylvie and Lawrence, Neil D},
    url = {https://academic.oup.com/idpl/article-abstract/9/4/236/5579842}
}

@techreport{MiriComplyingStudy,
    title = {{Complying With GDPR An Agile Case Study}},
    booktitle = {www.isaca.org ISACA JOURNAL},
    author = {Miri, Mina},
    volume = {2},
    url = {www.isaca.org}
}

@misc{TheLinuxFoundation2020CurrentInitiative,
    title = {{Current Members - OpenAPI Initiative}},
    year = {2020},
    author = {{The Linux Foundation}},
    url = {https://www.openapis.org/membership/members}
}

@techreport{DATARATE,
    title = {{DATA IS THE NEW CURRENCY FOR MOST ORGANISATIONS AS MORE INFORMATION IS COLLECTED AND ANALYSED AT AN UNPRECEDENTED RATE}}
}

@techreport{Scherer2016DescriptionTransformation,
    title = {{Description Languages for REST APIs-State of the Art, Comparison, and Transformation}},
    year = {2016},
    author = {Scherer, Anton},
    institution = {University of Stuttgart}
}

@techreport{RonagelDieDuD-Fachbeitrage,
    title = {{Die Fortentwicklung des Datenschutzes Zwischen Systemgestaltung und Selbstregulierung DuD-Fachbeitr{\"{a}}ge}},
    author = {Ro{\ss}nagel, Alexander and Friedewald Marit Hansen Hrsg, Michael},
    url = {http://www.springer.com/series/12486}
}

@techreport{Harding2018EasyChairCollege,
    title = {{EasyChair Preprint An Agile Approach to GDPR Implementation within a Further Education College}},
    year = {2018},
    author = {Harding, Alex},
    keywords = {Agile, Data Flow, Data Subjects Rights, GDPR, General Data Protection Regulation, Information Asset Management, Jira}
}

@misc{GDPRBlog,
    title = {{GDPR - A Practical Guide For Developers - Bozho's tech blog}},
    url = {https://techblog.bozho.net/gdpr-practical-guide-developers/}
}

@misc{EuropeanParliamentandoftheCouncil3026GeneralRegulation,
    title = {{General Data Protection Regulation}},
    year = {3026},
    author = {{European Parliament and of the Council}},
    month = {4},
    url = {https://eur-lex.europa.eu/legal-content/DE/ALL/?uri=uriserv:OJ.L_.2016.119.01.0001.01.ENG}
}

@techreport{2019IABFramework-Policies,
    title = {{IAB Europe Transparency Consent Framework-Policies}},
    year = {2019}
}

@article{2016PrivacyTracker:Controls,
    title = {{privacyTracker: A Privacy-by-Design GDPR-Compliant Framework with Verifiable Data Traceability Controls}},
    year = {2016},
    editor = {Casteleyn, Sven and Dolog, Peter and Pautasso, Cesare},
    series = {Lecture Notes in Computer Science},
    volume = {9881},
    publisher = {Springer International Publishing},
    url = {http://link.springer.com/10.1007/978-3-319-46963-8},
    address = {Cham},
    isbn = {978-3-319-46962-1},
    doi = {10.1007/978-3-319-46963-8}
}

@article{Kasem-Madani2015SecurityIdentification,
    title = {{Security and Privacy Policy Languages: A Survey, Categorization and Gap Identification}},
    year = {2015},
    author = {Kasem-Madani, Saffija and Meier, Michael},
    month = {12},
    url = {http://arxiv.org/abs/1512.00201},
    arxivId = {1512.00201}
}

@techreport{Spoto2018StaticCompliance,
    title = {{Static Analysis for GDPR Compliance Static Analysis via Abstract Interpretation of Java Multithreaded Programs View project Sample: Static Analyzer of Multiple Programming LanguagEs View project Static Analysis for GDPR Compliance}},
    year = {2018},
    author = {Spoto, Fausto and Ferrara, Pietro},
    url = {https://www.researchgate.net/publication/336987954}
}

@article{Binder2017TowardsRoadmap,
    title = {{Towards DevOps for Privacy-by-Design in Data-IntensiveApplications: A Research Roadmap}},
    year = {2017},
    author = {Binder, Walter. and {Association for Computing Machinery-Digital Library.} and {ACM Special Interest Group on Software Engineering.} and {ACM Special Interest Group on Measurement and Evaluation.}},
    pages = {438},
    publisher = {ACM},
    isbn = {9781450344043}
}

@techreport{ErnstTransparencyComputing,
    title = {{Transparency as Code-Tracing for GDPR Compliance in Service Computing}},
    author = {Ernst, Dominik},
    keywords = {Dev, Ops, transparency {\textperiodcentered} distributed tracing {\textperiodcentered} GDPR {\textperiodcentered}}
}

@techreport{BonattiTransparentAhead,
    title = {{Transparent Personal Data Processing: The Road Ahead}},
    author = {Bonatti, Piero and Kirrane, Sabrina and Polleres, Axel and Wenning, Rigo}
}

@misc{WhyClarip,
    title = {{Why is Data Flow Mapping Important for GDPR Compliance? - Clarip}},
    url = {https://www.clarip.com/data-privacy/gdpr-data-mapping-importance/}
}

@incollection{Ulbricht2018YaPPLScenarios,
    title = {{YaPPL - A Lightweight Privacy Preference Language for Legally Sufficient and Automated Consent Provision in IoT Scenarios}},
    year = {2018},
    author = {Ulbricht, Max-R. and Pallas, Frank},
    month = {9},
    pages = {329--344},
    publisher = {Springer, Cham},
    doi = {10.1007/978-3-030-00305-0{\_}23}
}